@book{zipf,
	author = {Zipf G.K},
	title = {Selective Studies and the Principle of Relative Frequency in Language.},
	year = {1932},
	address = {Cambridge, MA, USA.},
	publisher = {Harvard University Press.},
}

@MISC{ngramv,
	author = {Google Books},
	title  = {N Gram Viewer},
	year   = {2019},
	url    = {https://books.google.com/ngrams},
	note   = {[Online, accesado 12-06-2019]}
}


@ARTICLE{iplosone,
	author  = {Cocho G. and Flores J. and Gershenson C. and  Pineda C. and Sánchez S.},
	title   = {Rank Diversity of Languages: Generic Behavior in Computational Linguistics},
	journal = {PLoS ONE 10(4): e0121898},
	year    = {2015},
	url     = {https://doi.org/10.1371/journal.pone.0121898}
}


@ARTICLE{epj,
	author  = {Morales J.A and Sánchez S. and Flores J. and Pineda C., Gershenson C. and Cocho G. and Zizumbo J. and Rodríguez R.F.  and Iñiguez G.},
	title   = {Generic temporal features of performance rankings in sports and games},
	journal = {EPJ Data Science 33(5)},
	year    = {2016},
	url     = {https://doi.org/10.1140/epjds/s13688-016-0096-y}
}



