

@MISC{ngramv,
	author = {Google Books},
	title  = {N Gram Viewer},
	year   = {2019},
	url    = {https://books.google.com/ngrams},
	note   = {[Online, accesado 12-06-2019]}
}


@MISC{mcgraw,
	author = {McGraw-Hill},
	OPTeditor = {McGraw-Hill},
	title  = {Léxico y semántica},
	year   = {},
	url    = {https://www.mheducation.es/bcv/guide/capitulo/8448150007.pdf},
	note   = {[Online, accesado 26-02-2020 ]}
}


@ARTICLE{iplosone,
	author  = {Cocho G. and Flores J. and Gershenson C. and  Pineda C. and Sánchez S.},
	title   = {Rank Diversity of Languages: Generic Behavior in Computational Linguistics},
	journal = {PLoS ONE 10(4): e0121898},
	year    = {2015},
	url     = {https://doi.org/10.1371/journal.pone.0121898}
}


@ARTICLE{epj,
	author  = {Morales J.A and Sánchez S. and Flores J. and Pineda C., Gershenson C. and Cocho G. and Zizumbo J. and Rodríguez R.F.  and Iñiguez G.},
	title   = {Generic temporal features of performance rankings in sports and games},
	journal = {EPJ Data Science 33(5)},
	year    = {2016},
	url     = {https://doi.org/10.1140/epjds/s13688-016-0096-y}
}



@ARTICLE{languagesascool,
	author  = {Petersen A., Tenenbaum J., Havlin S. et al},
	title   = {Languages cool as they expand: Allometric scaling and the decreasing need for new words},
	journal = {Sci Rep 2, 943 },
	year    = {2015},
	url     = {https://rdcu.be/bXNc5}
}

@ARTICLE{lepra,
	author   = {Vogelsang TM },
	title    = {Gerhard Henrik Armauer Hansen 1841-1912. The discoverer of the leprosy bacillus. His life and his work.},
	journal  = {PubMed 10(4): e0121898},
	year     = {1978 Jul-Dec; 46(3-4):257-332.},
	url      = {https://www.ncbi.nlm.nih.gov/pubmed/365786}
}



@MISC{tesis.sergio,
	author      = {Sánchez S},
	title       = {Evolución del lenguaje en el tiempo},
	institution = {Universidad Nacional Autónoma de México},
	year        = {2016},
}

@MISC{tesis.jama,
	author      = {Morales J},
	title       = {Dinámica de rango en deportes y juegos},
	institution = {Universidad Nacional Autónoma de México},
	year        = {2018},
}


@MISC{prestamos_nuevos,
	author = {Molina J.},
	title  = {Préstamos nuevos en seis idiomas},
	year   = {2019},
	url    = {https://drive.google.com/file/d/1gYIozNrWVKCzKUwBeaZg_z4fUYuhbpHq/view?usp=sharing},
	note   = {[Online, accesado 12-06-2019]}
}

@MISC{prestamos_acumulados,
	author = {Molina J.},
	title  = {Préstamos acumulados en seis idiomas},
	year   = {2019},
	url    = {https://drive.google.com/file/d/1DxZrHhE3bNqmhxRA7A7ltELb1WRapXmN/view?usp=sharing},
	note   = {[Online, accesado 12-06-2019]}
}


@MISc{contenidopal,
	author = {Kenneth Beare},
	year   = {2018},
	title  = { Content and Function Words},
	url    = {https://www.thoughtco.com/content-and-function-words-1211726},
	note   = {[Online, accesado 12-06-2019]}
}


@MISc{englishdic,
	author = {Merrian-Webster},
	year   = {2019},
	url    = {https://www.merriam-webster.com/dictionary},
	note   = {[Online, accesado 15-05-2019]}
}


@MISc{frenchdic,
	author = {Larousse },
	year   = {2019},
	url    = {https://www.larousse.fr/dictionnaires/francais-monolingue/},
	note   = {[Online, accesado 15-05-2019]}
}


@MISc{germandic,
	author = {German for English Speakers },
	year   = {2019},
	url    = {http://germanforenglishspeakers.com/},
	note   = {[Online, accesado 15-05-2019]}
}


@MISc{italiandic,
	author = {Rocket Languajes},
	year   = {2019},
	url    = {https://www.rocketlanguages.com/italian/grammar/},
	note   = {[Online, accesado 15-05-2019]}
}


@MISc{spanishdic,
	author = {Real Academia Española},
	year   = {2019},
	url    = {https://dle.rae.es},
	note   = {[Online, accesado 15-05-2019]}
}

